<record><leader>00000cas a2200000 a 4500</leader><controlfield tag="001">52994951</controlfield><controlfield tag="008">030909d19161920scuwr ne      0    0eng c</controlfield><datafield ind1=" " ind2=" " tag="010"><subfield code="a">  2013228781</subfield></datafield><datafield ind1=" " ind2=" " tag="040"><subfield code="a">SUC</subfield><subfield code="b">eng</subfield><subfield code="c">SUC</subfield><subfield code="d">OCLCQ</subfield><subfield code="d">SUC</subfield><subfield code="d">OCLCF</subfield></datafield><datafield ind1=" " ind2=" " tag="042"><subfield code="a">pcc</subfield></datafield><datafield ind1=" " ind2=" " tag="043"><subfield code="a">n-us-sc</subfield></datafield><datafield ind1="0" ind2=" " tag="130"><subfield code="a">Williamsburg herald (Kingstree, S.C. : 1916)</subfield></datafield><datafield ind1="1" ind2="0" tag="245"><subfield code="a">Williamsburg herald.</subfield></datafield><datafield ind1=" " ind2=" " tag="260"><subfield code="a">Kingstree, S.C. :</subfield><subfield code="b">Williamsburg Pub. Co.</subfield></datafield><datafield ind1=" " ind2=" " tag="300"><subfield code="a">v.</subfield></datafield><datafield ind1=" " ind2=" " tag="310"><subfield code="a">Weekly</subfield></datafield><datafield ind1="1" ind2=" " tag="362"><subfield code="a">Began in 1916; ceased in 1920?</subfield><subfield code="z">Cf. Moore, South Carolina newspapers.</subfield></datafield><datafield ind1=" " ind2=" " tag="588"><subfield code="a">Description based on: Vol. 3, no. 20 (July 18, 1918); title from caption.</subfield></datafield><datafield ind1=" " ind2=" " tag="588"><subfield code="a">Latest issue consulted: Vol. 4, no. 29 (Sept. 18, 1919).</subfield></datafield><datafield ind1=" " ind2="0" tag="651"><subfield code="a">Williamsburg County (S.C.)</subfield><subfield code="v">Newspapers.</subfield></datafield><datafield ind1=" " ind2="7" tag="655"><subfield code="a">Newspapers.</subfield><subfield code="2">fast</subfield><subfield code="0">(OCoLC)fst01423814</subfield></datafield><datafield ind1=" " ind2="7" tag="651"><subfield code="a">South Carolina</subfield><subfield code="z">Williamsburg County.</subfield><subfield code="2">fast</subfield><subfield code="0">(OCoLC)fst01209158</subfield></datafield><datafield ind1=" " ind2=" " tag="752"><subfield code="a">United States</subfield><subfield code="b">South Carolina</subfield><subfield code="c">Williamsburg</subfield><subfield code="d">Kingstree.</subfield></datafield></record>